<record xmlns="http://www.loc.gov/MARC21/slim" xmlns:xsi="http://www.w3.org/2001/XMLSchema-instance" xsi:schemaLocation="http://www.loc.gov/MARC21/slim http://www.loc.gov/standards/marcxml/schema/MARC21slim.xsd">

  <leader>00548nam a2200181Ia 4500</leader>
  <datafield ind2=" " ind1=" " tag="999">
    <subfield code="c">1254</subfield>
    <subfield code="d">1254</subfield>
  </datafield>
  <controlfield tag="008">170523b2004    mx ||||| |||| 00| | spa d</controlfield>
  <datafield ind2=" " ind1=" " tag="090">
    <subfield code="a">03.02.05 </subfield>
    <subfield code="b">1479</subfield>
  </datafield>
  <datafield tag="100" ind1="1" ind2=" ">
    <subfield code="a">Alba Ceballos, Aurelio de</subfield>
    <subfield code="9">2841</subfield>
  </datafield>
  <datafield tag="245" ind1="1" ind2="0">
    <subfield code="a">Suicidio o renacimiento: metrópoli y naturaleza / </subfield>
    <subfield code="c">Aurelio de Alba Ceballos, </subfield>
  </datafield>
  <datafield ind1=" " tag="250" ind2=" ">
    <subfield code="a">Edición de prueba</subfield>
  </datafield>
  <datafield ind2=" " ind1=" " tag="260">
    <subfield code="a">México : </subfield>
    <subfield code="b">Plaza y Valdés, </subfield>
    <subfield code="c">2004</subfield>
  </datafield>
  <datafield ind1=" " tag="300" ind2=" ">
    <subfield code="a">342 páginas</subfield>
  </datafield>
  <datafield ind2="4" ind1="1" tag="650">
    <subfield code="a">POBREZA</subfield>
    <subfield code="9">263</subfield>
  </datafield>
  <datafield tag="650" ind1="1" ind2="4">
    <subfield code="a">PROBLEMAS SOCIALES</subfield>
    <subfield code="9">544</subfield>
  </datafield>
  <datafield tag="650" ind1="1" ind2="4">
    <subfield code="a">POBLACIÓN</subfield>
    <subfield code="9">78</subfield>
  </datafield>
  <datafield ind2="4" ind1=" " tag="651">
    <subfield code="a">MÉXICO</subfield>
    <subfield code="9">19</subfield>
  </datafield>
  <datafield tag="942" ind1=" " ind2=" ">
    <subfield code="2">z</subfield>
    <subfield code="c">01</subfield>
  </datafield>
</record>